
@article{madland2024,
	title = {Developing the Technology-Integrated Assessment Framework},
	author = {Madland, Colin and Irvine, Valerie and DeLuca, Chris and Bulut, Okan},
	year = {2024},
	month = {05},
	date = {2024-05-01},
	journal = {The Open/Technology in Education, Society, and Scholarship Association Journal},
	pages = {1--19},
	volume = {4},
	number = {1},
	doi = {10.18357/otessaj.2024.4.1.63},
	url = {https://doi.org/10.18357/otessaj.2024.4.1.63}
}
